   @OnlineWeb{Bibliography.Rhino.Docs,
      title     = "Rhino",
      cited     = "2013-12-10",
      url       = "https://developer.mozilla.org/en-US/docs/Rhino",
   }
   
   @OnlineWeb{Bibliography.Rhino.History,
      title     = "Rhino History",
      cited     = "2013-12-10",
      url       = "https://developer.mozilla.org/en-US/docs/Rhino/History",
   }
   
   @OnlineWeb{Bibliography.Rhino.v17R3,
      title     = "New in Rhino 1.7R3",
      cited     = "2013-12-11",
      url       = "https://developer.mozilla.org/en-US/docs/New\_in\_Rhino\_1.7R3",
   }
   
   @OnlineWeb{Bibliography.Rhino.v17R4,
      title     = "New in Rhino 1.7R4",
      cited     = "2013-12-11",
      url       = "https://developer.mozilla.org/en-US/docs/New\_in\_Rhino\_1.7R4",
   }
   
   @OnlineWeb{Bibliography.Rhino.Overview,
      title     = "Rhino overview",
      cited     = "2013-12-11",
      url       = "https://developer.mozilla.org/en-US/docs/Rhino/Overview",
   }
   
   @OnlineWeb{Bibliography.Rhino.ScopesAndContexts,
      title     = "Rhino scopes and contexts",
      cited     = "2013-12-11",
      url       = "https://developer.mozilla.org/en-US/docs/Rhino/Scopes\_and\_Contexts",
   }
   
   @OnlineWeb{Bibliography.Nashorn.Project,
      title     = "Project Nashorn",
      cited     = "2013-12-10",
      url       = "http://openjdk.java.net/projects/nashorn/",
   }
   
   @OnlineWeb{Bibliography.YAJI.Project,
      title     = "Yet Another Javascript Interpreter",
      cited     = "2013-12-10",
      url       = "http://code.google.com/p/yaji-ecmascript-interpreter/",
   }
   
   @OnlineWeb{Bibliography.FESI.Project,
      title     = "Free EcmaScript Interpreter",
      cited     = "2013-12-10",
      url       = "http://www.lugrin.ch/fesi/",
   }
   
   @OnlineWeb{Bibliography.BSF.Framework,
      title     = "Bean Scripting Framework",
      cited     = "2013-12-15",
      url       = "http://commons.apache.org/proper/commons-bsf/",
   }
      
   @BOOK{Bibliography.JavaAPI.Script.Book,
      author    = "Dejan BOSANAC",
      editor    = "TAUB, M",
      title     = "Scripting in Java\texttrademark",
      publisher = "Pearson Education, Inc.",
      year      = "2008",
      address   = "Boston",
      ISBN      = "978-0-321-32193-0",
    }
    